@article{rushton2014contributed,
  title={Contributed review: the feasibility of a fully miniaturized magneto-optical trap for portable ultracold quantum technology},
  author={Rushton, Jo and Aldous, Matthew and Himsworth, Matt},
  journal={Review of Scientific Instruments},
  volume={85},
  number={12},
  pages={121501},
  year={2014},
  publisher={AIP}
}

@article{aldous2017carrier,
  title={Carrier frequency modulation of an acousto-optic modulator for laser stabilization},
  author={Aldous, Matthew and Woods, Jonathan and Dragomir, Andrei and Roy, Ritayan and Himsworth, Matt},
  journal={Optics Express},
  volume={25},
  number={11},
  pages={12830--12838},
  year={2017},
  publisher={Optical Society of America}
}

@article{roy2018misaligned,
  title={A misaligned magneto-optical trap to enable miniaturized atom chip systems},
  author={Roy, Ritayan and Rushton, Jo and Dragomir, Andrei and Aldous, Matthew and Himsworth, Matt},
  journal={Nature Scientific Reports},
  year={2018},
  issue={8},
  number={10095}
  
}

@phdthesis{aldous2017enabling,
  title={Enabling technologies for integrated atom chips},
  author={Aldous, Matthew},
  year={2017},
  school={University of Southampton}
}

@unpublished{NIST2017talk,
title = {Route to a Portable Optical Clock},
author = {Aldous, Matthew},
year = {2018},
note = {Invited talk at NIST},
}

@inproceedings{IFCS2018poster,
title = {Route to a Portable Optical Clock},
author = {Aldous, Matthew},
year = {2018},
booktitle = {International Frequency Control Symposium, Squaw Creek, CA, USA.}
}

@inproceedings{ICAP2014poster,
title = {Towards an Integrated Atom Chip},
author = {Aldous, Matthew},
year = {2014},
booktitle = {International Conference on Atomic Physics, Washington DC, USA.}
}

